<record><leader>00000cas a22000007a 4500</leader><controlfield tag="001">1756929</controlfield><controlfield tag="008">751101c19059999nduwr ne      0    0eng d</controlfield><datafield ind1=" " ind2=" " tag="010"><subfield code="a">sn 88076348 </subfield></datafield><datafield ind1=" " ind2=" " tag="040"><subfield code="a">MUL</subfield><subfield code="b">eng</subfield><subfield code="c">MUL</subfield><subfield code="d">NOP</subfield><subfield code="d">OCLCQ</subfield></datafield><datafield ind1=" " ind2=" " tag="042"><subfield code="a">msc</subfield></datafield><datafield ind1="0" ind2="0" tag="245"><subfield code="a">McLean County independent.</subfield></datafield><datafield ind1="1" ind2="3" tag="246"><subfield code="a">Garrison independent</subfield></datafield><datafield ind1=" " ind2=" " tag="260"><subfield code="a">Robinson, McLean County, N.D. :</subfield><subfield code="b">MacLaren &amp; Wells Pub.</subfield></datafield><datafield ind1=" " ind2=" " tag="300"><subfield code="a">v. :</subfield><subfield code="b">ill. ;</subfield><subfield code="c">50-56 cm.</subfield></datafield><datafield ind1=" " ind2=" " tag="310"><subfield code="a">Weekly</subfield></datafield><datafield ind1="1" ind2=" " tag="362"><subfield code="a">Began in May, 1905.</subfield></datafield><datafield ind1=" " ind2=" " tag="500"><subfield code="a">Publisher's block title reads: Garrison independent (1911).</subfield></datafield><datafield ind1=" " ind2=" " tag="500"><subfield code="a">Place of publication varies: Robinson, N.D., May-Nov. 3, 1905; Garrison, N.D., Nov. 10, 1905-</subfield></datafield><datafield ind1=" " ind2=" " tag="500"><subfield code="a">"Official organ of McLean County," 1909; "Official paper of Stevenson County," 1911-1912 [spurious reference]; "Official paper of McLean County," 1916-1917, 1920-1958; "Official paper of McLean County and the City of Garrison," 1973-</subfield></datafield><datafield ind1=" " ind2=" " tag="515"><subfield code="a">All issues, 1905-1906, are numbered "Knox independent, vol. 2, no. 40" in addition to their own consecutive "McLean County independent" issue numbers.</subfield></datafield><datafield ind1=" " ind2=" " tag="530"><subfield code="a">Available on microfilm from the State Historical Society of North Dakota.</subfield></datafield><datafield ind1=" " ind2=" " tag="588"><subfield code="a">Description based on: McLean County independent vol. 1, no. 2 (May 26, 1905).</subfield></datafield><datafield ind1=" " ind2=" " tag="752"><subfield code="a">United States</subfield><subfield code="b">North Dakota</subfield><subfield code="c">McLean</subfield><subfield code="d">Garrison.</subfield></datafield><datafield ind1=" " ind2=" " tag="752"><subfield code="a">United States</subfield><subfield code="b">North Dakota</subfield><subfield code="c">McLean</subfield><subfield code="d">Robinson.</subfield></datafield><datafield ind1="0" ind2="0" tag="780"><subfield code="t">Knox independent</subfield><subfield code="w">(DLC)sn 88076298</subfield></datafield></record>